@article{shmoys1993approximation,
	title={An approximation algorithm for the generalized assignment problem},
	author={Shmoys, David B and Tardos, {\'E}va},
	journal={Mathematical programming},
	volume={62},
	number={1-3},
	pages={461--474},
	year={1993},
	publisher={Springer}
}

@article{theraulaz1998response,
	title={Response threshold reinforcements and division of labour in insect societies},
	author={Theraulaz, Guy and Bonabeau, Eric and Denuebourg, JN},
	journal={Proceedings of the Royal Society of London B: Biological Sciences},
	volume={265},
	number={1393},
	pages={327--332},
	year={1998},
	publisher={The Royal Society}
}

@book{bonabeau1999swarm,
	title={Swarm intelligence: from natural to artificial systems},
	author={Bonabeau, Eric and Dorigo, Marco and Theraulaz, Guy},
	number={1},
	year={1999},
	publisher={Oxford university press}
}

@inproceedings{tisue2004netlogo,
	title={Netlogo: A simple environment for modeling complexity},
	author={Tisue, Seth and Wilensky, Uri},
	booktitle={International conference on complex systems},
	volume={21},
	pages={16--21},
	year={2004},
	organization={Boston, MA}
}

@article{zheng2004coevolving,
	title={Coevolving and cooperating path planner for multiple unmanned air vehicles},
	author={Zheng, Changwen and Ding, Mingyue and Zhou, Chengping and Li, Lei},
	journal={Engineering Applications of Artificial Intelligence},
	volume={17},
	number={8},
	pages={887--896},
	year={2004},
	publisher={Elsevier}
}

@inproceedings{lemaire2004distributed,
	title={A distributed tasks allocation scheme in multi-UAV context},
	author={Lemaire, Thomas and Alami, Rachid and Lacroix, Simon},
	booktitle={Robotics and Automation, 2004. Proceedings. ICRA'04. 2004 IEEE International Conference on},
	volume={4},
	pages={3622--3627},
	year={2004},
	organization={IEEE}
}

@inproceedings{alighanbari2005decentralized,
  title={Decentralized task assignment for unmanned aerial vehicles},
  author={Alighanbari, Mehdi and How, Jonathan P},
  booktitle={Decision and Control, 2005 and 2005 European Control Conference. CDC-ECC'05. 44th IEEE Conference on},
  pages={5668--5673},
  year={2005},
  organization={IEEE}
}

@inproceedings{scerri2005allocatingLADCOP,
	title={Allocating tasks in extreme teams},
	author={Scerri, Paul and Farinelli, Alessandro and Okamoto, Steven and Tambe, Milind},
	booktitle={Proceedings of the fourth international joint conference on Autonomous agents and multiagent systems},
	pages={727--734},
	year={2005},
	organization={ACM}
}

@incollection{kalra2006comparative,
  title={Comparative study of market-based and threshold-based task allocation},
  author={Kalra, Nidhi and Martinoli, Alcherio},
  booktitle={Distributed autonomous robotic systems 7},
  pages={91--101},
  year={2006},
  publisher={Springer}
}

@inproceedings{xu2006comparing,
  title={Comparing market and token-based coordination},
  author={Xu, Yang and Scerri, Paul and Sycara, Katia and Lewis, Michael},
  booktitle={Proceedings of the fifth international joint conference on Autonomous agents and multiagent systems},
  pages={1113--1115},
  year={2006},
  organization={ACM}
}

@inproceedings{ferreira2007swarm,
	title={A swarm based approximated algorithm to the extended generalized assignment problem (E-GAP)},
	author={Ferreira Jr, Paulo R and Boffo, Felipe S and Bazzan, Ana LC},
	booktitle={Proceedings of the 6th International Joint Conference on Autonomous Agents And Multiagent Systems (AAMAS)},
	pages={1231-1233},
	year={2007},
	organization={ACM}
}

@article{ferreira2010robocup,
	title={RoboCup Rescue as multiagent task allocation among teams: experiments with task interdependencies},
	author={Ferreira Jr, Paulo Roberto and Dos Santos, Fernando and Bazzan, Ana LC and Epstein, Daniel and Waskow, Samuel J},
	journal={Autonomous Agents and Multi-Agent Systems},
	volume={20},
	number={3},
	pages={421--443},
	year={2010},
	publisher={Springer}
}

@book{nonami2010autonomous,
	title={Autonomous Flying Robots: Unmanned Aerial Vehicles and Micro Aerial Vehicles},
	author={Nonami, Kenzo and Kendoul, Farid and Suzuki, Satoshi and Wang, Wei and Nakazawa, Daisuke},
	year={2010},
	publisher={Springer Science \& Business Media}
}

@inproceedings{landen2010complex,
	title={Complex task allocation in mixed-initiative delegation: A UAV case study},
	author={Land{\'e}n, David and Heintz, Fredrik and Doherty, Patrick},
	booktitle={International Conference on Principles and Practice of Multi-Agent Systems},
	pages={288--303},
	year={2010},
	organization={Springer}
}

@article{ikemoto2010adaptive,
	title={Adaptive division-of-labor control algorithm for multi-robot systems},
	author={Ikemoto, Yusuke and Miura, Toru and Asama, Hajime},
	journal={Journal of Robotics and Mechatronics},
	volume={22},
	number={4},
	pages={514},
	year={2010}
}

@article{kladis2011energy,
	title={Energy conservation based fuzzy tracking for unmanned aerial vehicle missions under a priori known wind information},
	author={Kladis, Georgios P and Economou, John T and Knowles, Kevin and Lauber, Jimmy and Guerra, Thierry-Marie},
	journal={Engineering Applications of Artificial Intelligence},
	volume={24},
	number={2},
	pages={278--294},
	year={2011},
	publisher={Elsevier}
}

@article{ibri2012multi,
	title={A multi-agent approach for integrated emergency vehicle dispatching and covering problem},
	author={Ibri, Sarah and Nourelfath, Mustapha and Drias, Habiba},
	journal={Engineering Applications of Artificial Intelligence},
	volume={25},
	number={3},
	pages={554--565},
	year={2012},
	publisher={Elsevier}
}

@article{tolmidis2013multi,
	title={Multi-objective optimization for dynamic task allocation in a multi-robot system},
	author={Tolmidis, Avraam Th and Petrou, Loukas},
	journal={Engineering Applications of Artificial Intelligence},
	volume={26},
	number={5},
	pages={1458--1468},
	year={2013},
	publisher={Elsevier}
}

@inproceedings{branisso2013multi,
	title={A multi-agent system using fuzzy logic to increase AGV fleet performance in warehouses},
	author={Branisso, Lucas Binhardi and Kato, Edilson Reis Rodrigues and Pedrino, Emerson Carlos and Morandin, Orides and Tsunaki, Roberto Hideaki},
	booktitle={Computing Systems Engineering (SBESC), 2013 III Brazilian Symposium on},
	pages={137--142},
	year={2013},
	organization={IEEE}
}

@inproceedings{UAVsmith2014autonomous,
	title={Autonomous Control of Uninhabited Combat Air Vehicles in Heavily-Trafficked Military Airspace},
	author={Smith, Kristyna and Stengel, Robert F},
	booktitle={14th AIAA Aviation Technology, Integration, and Operations Conference},
	pages={2287},
	year={2014}
}

@article{UAVsong2014persistent,
	title={Persistent UAV service: an improved scheduling formulation and prototypes of system components},
	author={Song, Byung Duk and Kim, Jonghoe and Kim, Jeongwoon and Park, Hyorin and Morrison, James R and Shim, David Hyunchul},
	journal={Journal of Intelligent \& Robotic Systems},
	volume={74},
	number={1-2},
	pages={221--232},
	year={2014},
	publisher={Springer}
}

@article{brutschy2014self,
	title={Self-organized task allocation to sequentially interdependent tasks in swarm robotics},
	author={Brutschy, Arne and Pini, Giovanni and Pinciroli, Carlo and Birattari, Mauro and Dorigo, Marco},
	journal={Autonomous agents and multi-agent systems},
	volume={28},
	number={1},
	pages={101--125},
	year={2014},
	publisher={Springer}
}

@article{UAVqu2015research,
	title={Research of UAVs' attack strategy under uncertain condition},
	author={Qu, Xiao{\-}bo and Zhang, Wei{\-}guo and Wang, Xiao{\-}guang},
	journal={Flight Dynamics},
	volume={4},
	pages={021},
	year={2015}
}

@article{sun2015route,
	title={Route evaluation for unmanned aerial vehicle based on type-2 fuzzy sets},
	author={Sun, Xixia and Cai, Chao and Yang, Jie and Shen, Xubang},
	journal={Engineering Applications of Artificial Intelligence},
	volume={39},
	pages={132--145},
	year={2015},
	publisher={Elsevier}
}

@inproceedings{iijima2016analysis,
	title={Analysis of task allocation based on social utility and incompatible individual preference},
	author={Iijima, Naoki and Hayano, Masashi and Sugiyama, Ayumi and Sugawara, Toshiharu},
	booktitle={Technologies and Applications of Artificial Intelligence (TAAI), 2016 Conference on},
	pages={24--31},
	year={2016},
	organization={IEEE}
}

@article{jose2016task,
	title={Task allocation and collision-free path planning of centralized multi-robots system for industrial plant inspection using heuristic methods},
	author={Jose, Kelin and Pratihar, Dilip Kumar},
	journal={Robotics and Autonomous Systems},
	volume={80},
	pages={34--42},
	year={2016},
	publisher={Elsevier}
}

@article{shirzadeh2017vision,
	title={Vision-based control of a quadrotor utilizing artificial neural networks for tracking of moving targets},
	author={Shirzadeh, Masoud and Asl, Hamed Jabbari and Amirkhani, Abdollah and Jalali, Ali Akbar},
	journal={Engineering Applications of Artificial Intelligence},
	volume={58},
	pages={34--48},
	year={2017},
	publisher={Elsevier}
}

@article{iijima2017adaptive,
	title={Adaptive Task Allocation Based on Social Utility and Individual Preference in Distributed Environments},
	author={Iijima, Naoki and Sugiyama, Ayumi and Hayano, Masashi and Sugawara, Toshiharu},
	journal={Procedia Computer Science},
	volume={112},
	pages={91--98},
	year={2017},
	publisher={Elsevier}
}